<record><leader>00000cas a22000007a 4500</leader><controlfield tag="001">12609554</controlfield><controlfield tag="008">850927c18839999paudr ne      0   a0eng d</controlfield><datafield ind1=" " ind2=" " tag="010"><subfield code="a">sn 85055098 </subfield></datafield><datafield ind1=" " ind2=" " tag="040"><subfield code="a">NPH</subfield><subfield code="b">eng</subfield><subfield code="c">NPH</subfield><subfield code="d">DLC</subfield><subfield code="d">NPH</subfield><subfield code="d">CUS</subfield><subfield code="d">OCLCF</subfield><subfield code="d">DLC</subfield></datafield><datafield ind1="0" ind2=" " tag="022"><subfield code="a">2469-3448</subfield><subfield code="2">1</subfield></datafield><datafield ind1=" " ind2=" " tag="037"><subfield code="b">Reading Eagle Co., P.O. Box 582, 345 Penn St., Reading, PA 19603</subfield></datafield><datafield ind1=" " ind2=" " tag="042"><subfield code="a">msc</subfield><subfield code="a">nsdp</subfield></datafield><datafield ind1="0" ind2="0" tag="050"><subfield code="a">Newspaper</subfield></datafield><datafield ind1="1" ind2="0" tag="082"><subfield code="a">071</subfield><subfield code="2">23</subfield></datafield><datafield ind1=" " ind2="0" tag="222"><subfield code="a">Reading eagle</subfield></datafield><datafield ind1="0" ind2="0" tag="245"><subfield code="a">Reading eagle.</subfield></datafield><datafield ind1=" " ind2=" " tag="260"><subfield code="a">Reading, Pa. :</subfield><subfield code="b">J. G. Hawley,</subfield><subfield code="c">1883-</subfield></datafield><datafield ind1=" " ind2=" " tag="300"><subfield code="a">v. :</subfield><subfield code="b">ill. ;</subfield><subfield code="c">59 cm.</subfield></datafield><datafield ind1=" " ind2=" " tag="310"><subfield code="a">Daily</subfield></datafield><datafield ind1="0" ind2=" " tag="362"><subfield code="a">16th yr., no. 219 (Sept. 3, 1883)-</subfield></datafield><datafield ind1=" " ind2=" " tag="500"><subfield code="a">Publisher: Reading Eagle Co., &lt;1973&gt;.</subfield></datafield><datafield ind1=" " ind2=" " tag="500"><subfield code="a">Special "150th Anniversery of Berks Co." issue published March 11, 1902.</subfield></datafield><datafield ind1=" " ind2=" " tag="515"><subfield code="a">Publication suspended Apr. 9, 1971-May 9, 1971.</subfield></datafield><datafield ind1=" " ind2=" " tag="580"><subfield code="a">Saturday supplement: a.m. Berks, &lt;1988-   &gt;.</subfield></datafield><datafield ind1=" " ind2="0" tag="651"><subfield code="a">Reading (Pa.)</subfield><subfield code="v">Newspapers.</subfield></datafield><datafield ind1=" " ind2="7" tag="651"><subfield code="a">Pennsylvania</subfield><subfield code="z">Reading.</subfield><subfield code="2">fast</subfield><subfield code="0">(OCoLC)fst01202803</subfield></datafield><datafield ind1=" " ind2="7" tag="655"><subfield code="a">Newspapers.</subfield><subfield code="2">fast</subfield><subfield code="0">(OCoLC)fst01423814</subfield></datafield><datafield ind1=" " ind2=" " tag="752"><subfield code="a">United States</subfield><subfield code="b">Pennsylvania</subfield><subfield code="c">Berks</subfield><subfield code="d">Reading.</subfield></datafield><datafield ind1="1" ind2=" " tag="770"><subfield code="t">A.m. Berks</subfield><subfield code="x">2469-343X</subfield><subfield code="w">(DLC)sn 89077763</subfield><subfield code="w">(OCoLC)18186418</subfield></datafield><datafield ind1="0" ind2=" " tag="775"><subfield code="t">Reading weekly eagle</subfield><subfield code="x">2469-3456</subfield><subfield code="w">(DLC)sn 87080538</subfield><subfield code="w">(OCoLC)16272485</subfield></datafield><datafield ind1="0" ind2="8" tag="776"><subfield code="i">Online version:</subfield><subfield code="t">Reading eagle (Online)</subfield><subfield code="w">(DLC)sn 85055098</subfield><subfield code="w">(OCoLC)232117921</subfield></datafield><datafield ind1="0" ind2="0" tag="780"><subfield code="t">Reading daily eagle</subfield><subfield code="x">2469-3464</subfield><subfield code="w">(DLC)sn 84026345</subfield><subfield code="w">(OCoLC)10422375</subfield></datafield><datafield ind1="1" ind2=" " tag="029"><subfield code="a">AU@</subfield><subfield code="b">000025803754</subfield></datafield><datafield ind1="1" ind2=" " tag="029"><subfield code="a">NZ1</subfield><subfield code="b">16075974</subfield></datafield></record>